@BOOK{MANCOD,
	AUTHOR = {Jan Buurman and Nicolas Grimal and Michael Hainsworth and Jochen Hallof and 
		  Dirk Van Der Plas},
	TITLE = {Inventaire des signes hi\'eroglyphiques en vue de leur saisie informatique },
	PUBLISHER = {Institut de France},
	YEAR = {1988},
	SERIES = {M\'emoires de l'Acad\'emie  des Inscriptions et Belles Lettres},
	ADDRESS = {Paris},
}
